@inproceedings{
    great_proceedings,
    title       = {A great proceedings},
    booktitle   = {Great stuff Symposium},
    author      = {SURNAME, Name and SURNAME2, Name2},
    year        = {0000},
    url         = {https://link.to/file}
}


@article{
    great_article,
    author  = {SURNAME, Name and SURNAME2, Name2},
    year    = {0000},
    month   = jun,
    pages   = {333-346},
    title   = {A great article title},
    volume  = {45},
    journal = {ACM SIGARCH Computer Architecture News},
    url     = {https://doi.org/10.1145/3140659.3080223},
    doi     = {10.1145/3140659.3080223}
}
